

@article{mutch10,
    AUTHOR = {John Mutch},
    TITLE = {How to Steal Data from the Cloud},
    JOURNAL = {Cloudbook Journal},
    VOLUME = {1},
	NUMBER = {7},
    YEAR = {2010}
}

@techreport{tresorit,
    TITLE = {Tresorit Whitepaper},
    URL = {www.tresorit.com},
    YEAR = {2015}
}

@techreport{imperva,
    TITLE = {Man in the Cloud Attacks},
    AFFILIATION = {Techion University Information Security Project},
    URL = {www.imperva.com},
    YEAR = {2015}
}
